@book{parsadan,
	author = {Парсаданов, Г. А.},
	title =  {Прогнозирование национальной экономики: Учебник / Г. А. Парсаданов, В. В. Егоров.},
	date = {2002},
	publisher = {Высш. шк.},
	location = {М.},
	pagetotal = {304},
}